@Article{Prefetching,
  author =       "Brendon Cahoon and Kathryn S. McKinley",
  title =        "Data Flow Analysis for Software Prefetching Linked Data Structures in Java",
  journal =      "Department of Computer Science University of Massachusetts, Amherst ",
} 
@Article{CCFG,
  author =       "MAry Jean Harrold and Gregg Rothermel",
  title =        "Performing Data Flow Testing on Classes",
  journal =      "Department of Computer Science Clemson University, Clemson ",
} 
